{
  "leader": "02944cam a2200469 a 4500",
  "fields": [
    {
      "001": "ocm06916564\\"
    },
    {
      "003": "OCoLC"
    },
    {
      "005": "20230127083144.0"
    },
    {
      "008": "801021s1981\\\\\\\\vaua\\\\\\\\\\b\\\\\\\\001\\0\\eng\\\\"
    },
    {
      "010": {
        "ind1": "\\",
        "ind2": "\\",
        "subfields": [
          {
            "a": "   80026067 "
          }
        ]
      }
    },
    {
      "040": {
        "ind1": "\\",
        "ind2": "\\",
        "subfields": [
          {
            "a": "DLC"
          },
          {
            "b": "eng"
          },
          {
            "c": "DLC"
          },
          {
            "d": "MUQ"
          },
          {
            "d": "BAKER"
          },
          {
            "d": "BTCTA"
          },
          {
            "d": "YDXCP"
          },
          {
            "d": "ZWZ"
          },
          {
            "d": "BDX"
          },
          {
            "d": "OCLCF"
          },
          {
            "d": "OCLCQ"
          },
          {
            "d": "OCLCO"
          },
          {
            "d": "OCLCA"
          },
          {
            "d": "RV8"
          },
          {
            "d": "LNC"
          },
          {
            "d": "EUQ"
          },
          {
            "d": "OCLCQ"
          },
          {
            "d": "IUL"
          },
          {
            "d": "OCLCO"
          }
        ]
      }
    },
    {
      "019": {
        "ind1": "\\",
        "ind2": "\\",
        "subfields": [
          {
            "a": "7317192"
          },
          {
            "a": "236324350"
          },
          {
            "a": "238797284"
          },
          {
            "a": "492522369"
          },
          {
            "a": "499935286"
          },
          {
            "a": "975290075"
          },
          {
            "a": "977408253"
          },
          {
            "a": "1008486404"
          },
          {
            "a": "1014263626"
          },
          {
            "a": "1037265517"
          },
          {
            "a": "1049737406"
          },
          {
            "a": "1057055787"
          },
          {
            "a": "1059476679"
          },
          {
            "a": "1065113320"
          },
          {
            "a": "1079946180"
          },
          {
            "a": "1080819625"
          },
          {
            "a": "1296974149"
          }
        ]
      }
    },
    {
      "020": {
        "ind1": "\\",
        "ind2": "\\",
        "subfields": [
          {
            "a": "0813907128"
          },
          {
            "q": "(set)"
          }
        ]
      }
    },
    {
      "020": {
        "ind1": "\\",
        "ind2": "\\",
        "subfields": [
          {
            "a": "9780813907123"
          },
          {
            "q": "(set)"
          }
        ]
      }
    },
    {
      "035": {
        "ind1": "\\",
        "ind2": "\\",
        "subfields": [
          {
            "a": "(OCoLC)6916564"
          },
          {
            "z": "(OCoLC)7317192"
          },
          {
            "z": "(OCoLC)236324350"
          },
          {
            "z": "(OCoLC)238797284"
          },
          {
            "z": "(OCoLC)492522369"
          },
          {
            "z": "(OCoLC)499935286"
          },
          {
            "z": "(OCoLC)975290075"
          },
          {
            "z": "(OCoLC)977408253"
          },
          {
            "z": "(OCoLC)1008486404"
          },
          {
            "z": "(OCoLC)1014263626"
          },
          {
            "z": "(OCoLC)1037265517"
          },
          {
            "z": "(OCoLC)1049737406"
          },
          {
            "z": "(OCoLC)1057055787"
          },
          {
            "z": "(OCoLC)1059476679"
          },
          {
            "z": "(OCoLC)1065113320"
          },
          {
            "z": "(OCoLC)1079946180"
          },
          {
            "z": "(OCoLC)1080819625"
          },
          {
            "z": "(OCoLC)1296974149"
          }
        ]
      }
    },
    {
      "043": {
        "ind1": "\\",
        "ind2": "\\",
        "subfields": [
          {
            "a": "n-us---"
          }
        ]
      }
    },
    {
      "050": {
        "ind1": "0",
        "ind2": "0",
        "subfields": [
          {
            "a": "NA106"
          },
          {
            "b": ".H67 1981"
          }
        ]
      }
    },
    {
      "082": {
        "ind1": "0",
        "ind2": "4",
        "subfields": [
          {
            "a": "363.690973"
          },
          {
            "b": "HOS"
          }
        ]
      }
    },
    {
      "100": {
        "ind1": "1",
        "ind2": "\\",
        "subfields": [
          {
            "a": "Hosmer, Charles Bridgham,"
          },
          {
            "d": "1932-"
          }
        ]
      }
    },
    {
      "245": {
        "ind1": "1",
        "ind2": "0",
        "subfields": [
          {
            "a": "Preservation comes of age :"
          },
          {
            "b": "from Williamsburg to the National Trust, 1926-1949 /"
          },
          {
            "c": "Charles B. Hosmer, Jr."
          }
        ]
      }
    },
    {
      "260": {
        "ind1": "\\",
        "ind2": "\\",
        "subfields": [
          {
            "a": "Charlottesville :"
          },
          {
            "b": "Published for the Preservation Press, National Trust for Historic Preservation in the United States by the University Press of Virginia,"
          },
          {
            "c": "1981."
          }
        ]
      }
    },
    {
      "300": {
        "ind1": "\\",
        "ind2": "\\",
        "subfields": [
          {
            "a": "2 volumes (xiii, 1291 pages) :"
          },
          {
            "b": "illustrations ;"
          },
          {
            "c": "26 cm"
          }
        ]
      }
    },
    {
      "336": {
        "ind1": "\\",
        "ind2": "\\",
        "subfields": [
          {
            "a": "text"
          },
          {
            "b": "txt"
          },
          {
            "2": "rdacontent"
          }
        ]
      }
    },
    {
      "337": {
        "ind1": "\\",
        "ind2": "\\",
        "subfields": [
          {
            "a": "unmediated"
          },
          {
            "b": "n"
          },
          {
            "2": "rdamedia"
          }
        ]
      }
    },
    {
      "338": {
        "ind1": "\\",
        "ind2": "\\",
        "subfields": [
          {
            "a": "volume"
          },
          {
            "b": "nc"
          },
          {
            "2": "rdacarrier"
          }
        ]
      }
    },
    {
      "504": {
        "ind1": "\\",
        "ind2": "\\",
        "subfields": [
          {
            "a": "Includes bibliographical references (pages 1241-1244) and index."
          }
        ]
      }
    },
    {
      "505": {
        "ind1": "0",
        "ind2": "\\",
        "subfields": [
          {
            "a": "V.1. 1926-1941 -- v.2. 1941-1949."
          }
        ]
      }
    },
    {
      "650": {
        "ind1": "\\",
        "ind2": "0",
        "subfields": [
          {
            "a": "Historic buildings"
          },
          {
            "x": "Conservation and restoration"
          },
          {
            "z": "United States."
          }
        ]
      }
    },
    {
      "650": {
        "ind1": "\\",
        "ind2": "0",
        "subfields": [
          {
            "a": "Historic buildings"
          },
          {
            "x": "Remodeling for other use"
          },
          {
            "z": "United States."
          }
        ]
      }
    },
    {
      "650": {
        "ind1": "\\",
        "ind2": "0",
        "subfields": [
          {
            "a": "Architecture"
          },
          {
            "x": "Conservation and restoration"
          },
          {
            "x": "Business community participation"
          },
          {
            "z": "United States."
          }
        ]
      }
    },
    {
      "650": {
        "ind1": "\\",
        "ind2": "0",
        "subfields": [
          {
            "a": "Historic preservation"
          },
          {
            "z": "United States."
          }
        ]
      }
    },
    {
      "650": {
        "ind1": "\\",
        "ind2": "7",
        "subfields": [
          {
            "a": "Architecture"
          },
          {
            "x": "Conservation and restoration"
          },
          {
            "x": "Business community participation."
          },
          {
            "2": "fast"
          },
          {
            "0": "(OCoLC)fst00813381"
          }
        ]
      }
    },
    {
      "650": {
        "ind1": "\\",
        "ind2": "7",
        "subfields": [
          {
            "a": "Historic buildings"
          },
          {
            "x": "Conservation and restoration."
          },
          {
            "2": "fast"
          },
          {
            "0": "(OCoLC)fst00957729"
          }
        ]
      }
    },
    {
      "650": {
        "ind1": "\\",
        "ind2": "7",
        "subfields": [
          {
            "a": "Historic buildings"
          },
          {
            "x": "Remodeling for other use."
          },
          {
            "2": "fast"
          },
          {
            "0": "(OCoLC)fst00957786"
          }
        ]
      }
    },
    {
      "650": {
        "ind1": "\\",
        "ind2": "7",
        "subfields": [
          {
            "a": "Historic preservation."
          },
          {
            "2": "fast"
          },
          {
            "0": "(OCoLC)fst00957821"
          }
        ]
      }
    },
    {
      "651": {
        "ind1": "\\",
        "ind2": "7",
        "subfields": [
          {
            "a": "United States."
          },
          {
            "2": "fast"
          },
          {
            "0": "(OCoLC)fst01204155"
          }
        ]
      }
    },
    {
      "710": {
        "ind1": "2",
        "ind2": "\\",
        "subfields": [
          {
            "a": "National Trust for Historic Preservation in the United States."
          }
        ]
      }
    },
    {
      "776": {
        "ind1": "0",
        "ind2": "8",
        "subfields": [
          {
            "i": "Online version:"
          },
          {
            "a": "Hosmer, Charles Bridgham, 1932-"
          },
          {
            "t": "Preservation comes of age."
          },
          {
            "d": "Charlottesville : Published for the Preservation Press, National Trust for Historic Preservation in the United States by the University Press of Virginia, 1981"
          },
          {
            "w": "(OCoLC)569742339"
          }
        ]
      }
    },
    {
      "994": {
        "ind1": "\\",
        "ind2": "\\",
        "subfields": [
          {
            "a": "Z0"
          },
          {
            "b": "NYRVC"
          }
        ]
      }
    },
    {
      "948": {
        "ind1": "\\",
        "ind2": "\\",
        "subfields": [
          {
            "h": "NO HOLDINGS IN NYRVC - 647 OTHER HOLDINGS"
          }
        ]
      }
    },
    {
      "999": {
        "ind1": "\\",
        "ind2": "\\",
        "subfields": [
          {
            "a": "00000000010834"
          },
          {
            "v": "v. 1"
          }
        ]
      }
    },
    {
      "999": {
        "ind1": "\\",
        "ind2": "\\",
        "subfields": [
          {
            "a": "00000000010838"
          },
          {
            "v": "v. 2"
          }
        ]
      }
    }
  ]
}